<?xml version="1.0" encoding="UTF-8"?><record xmlns="http://www.loc.gov/MARC21/slim" xmlns:cinclude="http://apache.org/cocoon/include/1.0" xmlns:zs="http://www.loc.gov/zing/srw/">
  <leader>00354nz  a2200133n  4500</leader>
  <controlfield tag="001">no2009068902</controlfield>
  <controlfield tag="003">DLC</controlfield>
  <controlfield tag="005">20090507075431.0</controlfield>
  <controlfield tag="008">090505n| acannaabn          |n aaa     c</controlfield>
  <datafield tag="010" ind1=" " ind2=" ">
    <subfield code="a">no2009068902</subfield>
  </datafield>
  <datafield tag="035" ind1=" " ind2=" ">
    <subfield code="a">(OCoLC)oca08097798</subfield>
  </datafield>
  <datafield tag="040" ind1=" " ind2=" ">
    <subfield code="a">UkLW</subfield>
    <subfield code="b">eng</subfield>
    <subfield code="c">UkLW</subfield>
  </datafield>
  <datafield tag="100" ind1="1" ind2=" ">
    <subfield code="a">Wilkowske, David R.</subfield>
  </datafield>
  <datafield tag="670" ind1=" " ind2=" ">
    <subfield code="a">The chronic job hopper, 2006:</subfield>
    <subfield code="b">t.p. (David R. Wilkowske)</subfield>
  </datafield>
</record>